@article{Aguilar-Saavedra:2014vta,
      author         = "Aguilar-Saavedra, J.A. and \'Alvarez, E. and Juste, A. and
                        Rubbo, F.",
      title          = "{Shedding light on the $t \bar t$ asymmetry: the photon
                        handle}",
      journal        = "JHEP",
      volume         = "1404",
      pages          = "188",
      doi            = "10.1007/JHEP04(2014)188",
      year           = "2014",
      eprint         = "1402.3598",
      archivePrefix  = "arXiv",
      primaryClass   = "hep-ph",
      SLACcitation   = "%%CITATION = ARXIV:1402.3598;%%",
}

@article{AguilarSaavedra:2012va,
      author         = "Aguilar-Saavedra, J.A. and Juste, A.",
      title          = "{Collider-independent t tbar forward-backward
                        asymmetries}",
      journal        = "Phys.Rev.Lett.",
      volume         = "109",
      pages          = "211804",
      doi            = "10.1103/PhysRevLett.109.211804",
      year           = "2012",
      eprint         = "1205.1898",
      archivePrefix  = "arXiv",
      primaryClass   = "hep-ph",
      SLACcitation   = "%%CITATION = ARXIV:1205.1898;%%",
}