@book{LHCreport,
      author        = "Br√ºning, Oliver Sim and Collier, Paul and Lebrun, P and
                       Myers, Stephen and Ostojic, Ranko and Poole, John and
                       Proudlock, Paul",
      title         = "{LHC Design Report}",
      publisher     = "CERN",
      address       = "Geneva",
      year          = "2004",
}

@article{cms,
      author         = "Chatrchyan, S. and others",
      title          = "{The CMS experiment at the CERN LHC}",
      collaboration  = "CMS Collaboration",
      journal        = "JINST",
      volume         = "3",
      pages          = "S08004",
      doi            = "10.1088/1748-0221/3/08/S08004",
      year           = "2008",
      SLACcitation   = "%%CITATION = JINST,3,S08004;%%",
}

@article{alice,
      author         = "Aamodt, K. and others",
      title          = "{The ALICE experiment at the CERN LHC}",
      collaboration  = "ALICE Collaboration",
      journal        = "JINST",
      volume         = "3",
      pages          = "S08002",
      doi            = "10.1088/1748-0221/3/08/S08002",
      year           = "2008",
      SLACcitation   = "%%CITATION = JINST,3,S08002;%%",
}

@article{lhcb,
      author         = "Alves, A. Augusto, Jr. and others",
      title          = "{The LHCb Detector at the LHC}",
      collaboration  = "LHCb Collaboration",
      journal        = "JINST",
      volume         = "3",
      pages          = "S08005",
      doi            = "10.1088/1748-0221/3/08/S08005",
      year           = "2008",
      SLACcitation   = "%%CITATION = JINST,3,S08005;%%",
}

@article{detectorpaper,
      author         = "Aad, G. and others",
      title          = "{The ATLAS Experiment at the CERN Large Hadron Collider}",
      collaboration  = "ATLAS Collaboration",
      journal        = "JINST",
      volume         = "3",
      pages          = "S08003",
      doi            = "10.1088/1748-0221/3/08/S08003",
      year           = "2008",
      SLACcitation   = "%%CITATION = JINST,3,S08003;%%",
}

@article{trigger,
      author         = "Aad, Georges and others",
      title          = "{Performance of the ATLAS Trigger System in 2010}",
      collaboration  = "ATLAS Collaboration",
      journal        = "Eur.Phys.J.",
      volume         = "C72",
      pages          = "1849",
      doi            = "10.1140/epjc/s10052-011-1849-1",
      year           = "2012",
      eprint         = "1110.1530",
      archivePrefix  = "arXiv",
      primaryClass   = "hep-ex",
      reportNumber   = "CERN-PH-EP-2011-078",
      SLACcitation   = "%%CITATION = ARXIV:1110.1530;%%",
}