@online{oxforddict,
author = {Oxford University Press},
title = {Oxford Dictionaries},
year ={2014},
}

@article{Elia:1993ka,
      author         = "Elia, R.D. and others",
      title          = "{First measurement of the left-right asymmetry in Z boson
                        production}",
      collaboration  = "SLD Collaboration",
      journal        = "Mod.Phys.Lett.",
      volume         = "A8",
      pages          = "2237-2248",
      doi            = "10.1142/S0217732393003536",
      year           = "1993",
      reportNumber   = "SLAC-PUB-6169",
      SLACcitation   = "%%CITATION = MPLAE,A8,2237;%%",
}

@article{Braunschweig:1988fy,
      author         = "Braunschweig, W. and others",
      title          = "{A Measurement of Muon Pair Production in $e^+ e^-$
                        Annihilation at Center-of-mass Energies 35-{GeV} $\le
                        \sqrt{s} \le$ 46.8-{GeV}}",
      collaboration  = "TASSO Collaboration",
      journal        = "Z.Phys.",
      volume         = "C40",
      pages          = "163-170",
      doi            = "10.1007/BF01555879",
      year           = "1988",
      reportNumber   = "DESY-88-059, OXFORD-NP-33-88",
      SLACcitation   = "%%CITATION = ZEPYA,C40,163;%%",
}

@article{Abazov:2014cca,
      author         = "Abazov, Victor Mukhamedovich and others",
      title          = "{Measurement of the forward-backward asymmetry in top
                        quark-antiquark production in ppbar collisions using the
                        lepton+jets channel}",
      collaboration  = "D0 Collaboration",
      year           = "2014",
      eprint         = "1405.0421",
      archivePrefix  = "arXiv",
      primaryClass   = "hep-ex",
      reportNumber   = "FERMILAB-PUB-14-116-E",
      SLACcitation   = "%%CITATION = ARXIV:1405.0421;%%",
}

@article{Aaltonen:2012it,
      author         = "Aaltonen, T. and others",
      title          = "{Measurement of the top quark forward-backward production
                        asymmetry and its dependence on event kinematic
                        properties}",
      collaboration  = "CDF Collaboration",
      journal        = "Phys.Rev.",
      volume         = "D87",
      pages          = "092002",
      doi            = "10.1103/PhysRevD.87.092002",
      year           = "2013",
      eprint         = "1211.1003",
      archivePrefix  = "arXiv",
      primaryClass   = "hep-ex",
      reportNumber   = "FERMILAB-PUB-12-591-E",
      SLACcitation   = "%%CITATION = ARXIV:1211.1003;%%",
}

@article{Aguilar-Saavedra:2014kpa,
      author         = "Aguilar-Saavedra, J.A. and Amidei, D. and Juste, A. and
                        Perez-Victoria, M.",
      title          = "{Asymmetries in top quark pair production}",
      year           = "2014",
      eprint         = "1406.1798",
      archivePrefix  = "arXiv",
      primaryClass   = "hep-ph",
      reportNumber   = "CERN-PH-TH-2014-101",
      SLACcitation   = "%%CITATION = ARXIV:1406.1798;%%",
}

@article{Arnison:1983rp,
      author         = "Arnison, G. and others",
      title          = "{Experimental Observation of Isolated Large Transverse
                        Energy Electrons with Associated Missing Energy at
                        s**(1/2) = 540-GeV}",
      collaboration  = "UA1 Collaboration",
      journal        = "Phys.Lett.",
      volume         = "B122",
      pages          = "103-116",
      doi            = "10.1016/0370-2693(83)91177-2",
      year           = "1983",
      reportNumber   = "CERN-EP-83-13",
      SLACcitation   = "%%CITATION = PHLTA,B122,103;%%",
}

@article{Banner:1983jy,
      author         = "Banner, M. and others",
      title          = "{Observation of Single Isolated Electrons of High
                        Transverse Momentum in Events with Missing Transverse
                        Energy at the CERN anti-p p Collider}",
      collaboration  = "UA2 Collaboration",
      journal        = "Phys.Lett.",
      volume         = "B122",
      pages          = "476-485",
      doi            = "10.1016/0370-2693(83)91605-2",
      year           = "1983",
      reportNumber   = "CERN-EP-83-25",
      SLACcitation   = "%%CITATION = PHLTA,B122,476;%%",
}

@article{LHCb:2012fb,
      author         = "Aaij, R and others",
      title          = "{Measurement of the D+/- production asymmetry in 7 TeV pp
                        collisions}",
      collaboration  = "LHCb Collaboration",
      journal        = "Phys.Lett.",
      volume         = "B718",
      pages          = "902-909",
      doi            = "10.1016/j.physletb.2012.11.038",
      year           = "2013",
      eprint         = "1210.4112",
      archivePrefix  = "arXiv",
      primaryClass   = "Unknown",
      reportNumber   = "LHCB-PAPER-2012-026, CERN-PH-EP-2012-305",
      SLACcitation   = "%%CITATION = ARXIV:1210.4112;%%",
}

@article{ALEPH:2005ab,
      author         = "Schael, S. and others",
      title          = "{Precision electroweak measurements on the $Z$
                        resonance}",
      collaboration  = "ALEPH Collaboration, DELPHI Collaboration, L3
                        Collaboration, OPAL Collaboration, SLD Collaboration, LEP
                        Electroweak Working Group, SLD Electroweak Group, SLD
                        Heavy Flavour Group",
      journal        = "Phys.Rept.",
      volume         = "427",
      pages          = "257-454",
      doi            = "10.1016/j.physrep.2005.12.006",
      year           = "2006",
      eprint         = "hep-ex/0509008",
      archivePrefix  = "arXiv",
      primaryClass   = "hep-ex",
      reportNumber   = "SLAC-R-774",
      SLACcitation   = "%%CITATION = HEP-EX/0509008;%%",
}

@article{Aad:2013cea,
      author         = "Aad, Georges and others",
      title          = "{Measurement of the top quark pair production charge
                        asymmetry in proton-proton collisions at $\sqrt{s}$ = 7
                        TeV using the ATLAS detector}",
      collaboration  = "ATLAS Collaboration",
      journal        = "JHEP",
      volume         = "1402",
      pages          = "107",
      doi            = "10.1007/JHEP02(2014)107",
      year           = "2014",
      eprint         = "1311.6724",
      archivePrefix  = "arXiv",
      primaryClass   = "hep-ex",
      reportNumber   = "CERN-PH-EP-2013-177",
      SLACcitation   = "%%CITATION = ARXIV:1311.6724;%%",
}

@article{AguilarSaavedra:2011cp,
      author         = "Aguilar-Saavedra, J.A. and Juste, A. and Rubbo, F.",
      title          = "{Boosting the t tbar charge asymmetry}",
      journal        = "Phys.Lett.",
      volume         = "B707",
      pages          = "92-98",
      doi            = "10.1016/j.physletb.2011.12.007",
      year           = "2012",
      eprint         = "1109.3710",
      archivePrefix  = "arXiv",
      primaryClass   = "hep-ph",
      SLACcitation   = "%%CITATION = ARXIV:1109.3710;%%",
}

@article{Aguilar-Saavedra:2014vta,
      author         = "Aguilar-Saavedra, J.A. and \'Alvarez, E. and Juste, A. and
                        Rubbo, F.",
      title          = "{Shedding light on the $t \bar t$ asymmetry: the photon
                        handle}",
      journal        = "JHEP",
      volume         = "1404",
      pages          = "188",
      doi            = "10.1007/JHEP04(2014)188",
      year           = "2014",
      eprint         = "1402.3598",
      archivePrefix  = "arXiv",
      primaryClass   = "hep-ph",
      SLACcitation   = "%%CITATION = ARXIV:1402.3598;%%",
}