@techreport{insideoutalgo,
      author        = "Cornelissen, T and Elsing, M and Fleischmann, S and
                       Liebig, W and Moyse, E and Salzburger, A",
      title         = "{Concepts, Design and Implementation of the ATLAS New
                       Tracking (NEWT)}",
      institution   = "CERN",
      address       = "Geneva",
      number        = "ATL-SOFT-PUB-2007-007. ATL-COM-SOFT-2007-002",
      month         = "Mar",
      year          = "2007",
}

@article{kalmanfilter,
author = "R. Fr{\"u}hwirth",
title = "Application of Kalman filtering to track and vertex fitting ",
journal = "Nuclear Instruments and Methods in Physics Research",
volume = "262",
number = "2-3",
pages = "444 - 450",
year = "1987",
issn = "0168-9002",
doi = "http://dx.doi.org/10.1016/0168-9002(87)90887-4",
url = "http://www.sciencedirect.com/science/article/pii/0168900287908874",
% Section A: Accelerators, Spectrometers, Detectors and Associated Equipment ",
}

@techreport{vertexalgo,
      title         = "{Performance of primary vertex reconstruction in
                       proton-proton collisions at $\sqrt{s}=$7 TeV in the ATLAS
                       experiment}",
      institution   = "CERN",
      author = "{ATLAS Collaboration}",
      address       = "Geneva",
      number        = "ATLAS-CONF-2010-069",
      month         = "Jul",
      year          = "2010",
}

@article{elereco,
      title    = "{Electron performance measurements with the ATLAS detector using the 2010 LHC proton-proton collision data}",
      author   = "{ATLAS Collaboration}",
      journal        = "Eur.Phys.J.",
      volume         = "C72",
      pages          = "1909",
      doi            = "10.1140/epjc/s10052-012-1909-1",
      year           = "2012",
      eprint         = "1110.3174",
      archivePrefix  = "arXiv",
      primaryClass   = "hep-ex",
      reportNumber   = "CERN-PH-EP-2011-117",
} 

@article{elecalib,
      author         = "Abat, E. and Abdallah, J.M. and Addy, T.N. and Adragna,
                        P. and Aharrouche, M. and others",
      title          = "{Combined performance studies for electrons at the 2004
                        ATLAS combined test-beam}",
      journal        = "JINST",
      volume         = "5",
      pages          = "P11006",
      doi            = "10.1088/1748-0221/5/11/P11006",
      year           = "2010",
      SLACcitation   = "%%CITATION = JINST,5,P11006;%%",
}

@techreport{muidalgo,
      title         = "{Muon reconstruction efficiency in reprocessed 2010 LHC
                       proton-proton collision data recorded with the ATLAS
                       detector}",
      institution   = "CERN",
      author = "{ATLAS Collaboration}",
      address       = "Geneva",
      number        = "ATLAS-CONF-2011-063",
      month         = "Apr",
      year          = "2011",
}

@techreport{miniisolation,
      author        = "{B. Acharya {\it et al.}}",
      title         = "{Object selection and calibration, background estimations
                       and MC samples for the Winter 2013 Top Quark analyses with
                       2012 data}",
      institution   = "CERN",
      address       = "Geneva",
      number        = "ATL-COM-PHYS-2013-088",
      month         = "Jan",
      year          = "2013",
}

@article{lcwcalib,
  author  = "T. Barillari and others",
  title          = "{Local hadronic calibration}",
  journal = "{ATL-LARG-PUB-2009-001}",
  year = "2009",
  note ="\href{https://cds.cern.ch/record/1112035}{https://cds.cern.ch/record/1112035}",
}

@article{antiktalgo,
      author         = "Salam, Gavin P.",
      title          = "{Towards Jetography}",
      journal        = "Eur.Phys.J.",
      volume         = "C67",
      pages          = "637-686",
      doi            = "10.1140/epjc/s10052-010-1314-6",
      year           = "2010",
      eprint         = "0906.1833",
      archivePrefix  = "arXiv",
      primaryClass   = "hep-ph",
}

@article{btagging,
     author = "{ATLAS Collaboration}",
     title="{Measurement of the $b$-tagging efficiency in a sample of jets containing 
                 muons with 5 fb$^{-1}$ of data from the ATLAS detector}",
     journal = "{ATLAS-CONF-2012-043}",
     year = "2012",
     note ="\href{https://cdsweb.cern.ch/record/1435197}{https://cdsweb.cern.ch/record/1435197}"
}

@article{ctagging,
     author  = "{ATLAS Collaboration}",  
     title= "{$b$-jet tagging calibration on $c$-jets containing $D^{*+}$ mesons}",
     journal="{ATLAS-CONF-2012-039}",
     year = "2012",
     note ="\href{https://cdsweb.cern.ch/record/1435193}{https://cdsweb.cern.ch/record/1435193}"
}

@article{ltagging,
     author = "{ATLAS Collaboration}",
     title="{Measurement of the mistag rate of $b$-tagging algorithms 
                with 5 fb$^{-1}$ of data collected by the ATLAS detector}",
     journal="{ATLAS-CONF-2012-040}",
     year = "2012",
     note ="\href{https://cdsweb.cern.ch/record/1435194}{https://cdsweb.cern.ch/record/1435194}"
}
