@article{klfitter,
      author         = "Erdmann, Johannes and Guindon, Stefan and Kroeninger,
                        Kevin and Lemmer, Boris and Nackenhorst, Olaf and others",
      title          = "{A likelihood-based reconstruction algorithm for
                        top-quark pairs and the KLFitter framework}",
      journal        = "Nucl.Instrum.Meth.",
      volume         = "A748",
      pages          = "18-25",
      doi            = "10.1016/j.nima.2014.02.029",
      year           = "2014",
      eprint         = "1312.5595",
      archivePrefix  = "arXiv",
      primaryClass   = "hep-ex",
      SLACcitation   = "%%CITATION = ARXIV:1312.5595;%%",
}