@article{vjetsxs,
      author         = "Melnikov, Kirill and Petriello, Frank",
      title          = "{Electroweak gauge boson production at hadron colliders
                        through O(alpha(s)**2)}",
      journal        = "Phys.Rev.",
      volume         = "D74",
      pages          = "114017",
      doi            = "10.1103/PhysRevD.74.114017",
      year           = "2006",
      eprint         = "hep-ph/0609070",
      archivePrefix  = "arXiv",
      primaryClass   = "hep-ph",
      reportNumber   = "UH-511-1092-06",
      SLACcitation   = "%%CITATION = HEP-PH/0609070;%%",
}

@article{stschan,
      author         = "Kidonakis, Nikolaos",
      title          = "{NNLL resummation for s-channel single top quark
                        production}",
      journal        = "Phys.Rev.",
      volume         = "D81",
      pages          = "054028",
      doi            = "10.1103/PhysRevD.81.054028",
      year           = "2010",
      eprint         = "1001.5034",
      archivePrefix  = "arXiv",
      primaryClass   = "hep-ph",
      SLACcitation   = "%%CITATION = ARXIV:1001.5034;%%",
}

@article{sttchan,
      author         = "Kidonakis, Nikolaos",
      title          = "{Next-to-next-to-leading-order collinear and soft gluon
                        corrections for t-channel single top quark production}",
      journal        = "Phys.Rev.",
      volume         = "D83",
      pages          = "091503",
      doi            = "10.1103/PhysRevD.83.091503",
      year           = "2011",
      eprint         = "1103.2792",
      archivePrefix  = "arXiv",
      primaryClass   = "hep-ph",
      SLACcitation   = "%%CITATION = ARXIV:1103.2792;%%",
}

@article{stwt,
      author         = "Kidonakis, Nikolaos",
      title          = "{Two-loop soft anomalous dimensions for single top quark
                        associated production with a W- or H-}",
      journal        = "Phys.Rev.",
      volume         = "D82",
      pages          = "054018",
      doi            = "10.1103/PhysRevD.82.054018",
      year           = "2010",
      eprint         = "1005.4451",
      archivePrefix  = "arXiv",
      primaryClass   = "hep-ph",
      SLACcitation   = "%%CITATION = ARXIV:1005.4451;%%",
}

@article{dibosonxs,
      author         = "Campbell, John M. and Ellis, R. Keith",
      title          = "{An Update on vector boson pair production at hadron
                        colliders}",
      journal        = "Phys.Rev.",
      volume         = "D60",
      pages          = "113006",
      doi            = "10.1103/PhysRevD.60.113006",
      year           = "1999",
      eprint         = "hep-ph/9905386",
      archivePrefix  = "arXiv",
      primaryClass   = "hep-ph",
      reportNumber   = "FERMILAB-PUB-99-146-T",
      SLACcitation   = "%%CITATION = HEP-PH/9905386;%%",
}

@article{wasym,
      author         = "Kom, Chun-Hay and Stirling, W. James",
      title          = "{Charge asymmetry in W + jets production at the LHC}",
      journal        = "Eur.Phys.J.",
      volume         = "C69",
      pages          = "67-73",
      doi            = "10.1140/epjc/s10052-010-1353-z",
      year           = "2010",
      eprint         = "1004.3404",
      archivePrefix  = "arXiv",
      primaryClass   = "hep-ph",
      reportNumber   = "CAVENDISH-HEP-2010-06",
      SLACcitation   = "%%CITATION = ARXIV:1004.3404;%%",
}