@article{factorprinciple,
      author         = "Collins, John C. and Soper, Davison E. and Sterman,
                        George F.",
      title          = "{Factorization of Hard Processes in QCD}",
      journal        = "Adv.Ser.Direct.High Energy Phys.",
      volume         = "5",
      pages          = "1-91",
      year           = "1988",
      eprint         = "hep-ph/0409313",
      archivePrefix  = "arXiv",
      primaryClass   = "hep-ph",
      reportNumber   = "ITP-SB-89-31",
      SLACcitation   = "%%CITATION = HEP-PH/0409313;%%",
}

@article{ttxs1,
      author         = "Cacciari, Matteo and Czakon, Michal and Mangano,
                        Michelangelo and Mitov, Alexander and Nason, Paolo",
      title          = "{Top-pair production at hadron colliders with
                        next-to-next-to-leading logarithmic soft-gluon
                        resummation}",
      journal        = "Phys.Lett.",
      volume         = "B710",
      pages          = "612-622",
      doi            = "10.1016/j.physletb.2012.03.013",
      year           = "2012",
      eprint         = "1111.5869",
      archivePrefix  = "arXiv",
      primaryClass   = "hep-ph",
      reportNumber   = "CERN-PH-TH-2011-277, TTK-11-54",
      SLACcitation   = "%%CITATION = ARXIV:1111.5869;%%",
}

@article{ttxs2,
      author         = "Beneke, M. and Falgari, P. and Klein, S. and Schwinn, C.",
      title          = "{Hadronic top-quark pair production with NNLL threshold
                        resummation}",
      journal        = "Nucl.Phys.",
      volume         = "B855",
      pages          = "695-741",
      doi            = "10.1016/j.nuclphysb.2011.10.021",
      year           = "2012",
      eprint         = "1109.1536",
      archivePrefix  = "arXiv",
      primaryClass   = "hep-ph",
      reportNumber   = "TTK-11-38, ITP-UU-11-26, SPIN-11-19, FR-PHENO-2011-015,
                        SFB-CPP-11-49",
      SLACcitation   = "%%CITATION = ARXIV:1109.1536;%%",
}

@article{ttxs3,
      author         = "Bärnreuther, Peter and Czakon, Michal and Mitov,
                        Alexander",
      title          = "{Percent Level Precision Physics at the Tevatron: First
                        Genuine NNLO QCD Corrections to $q \bar{q} \to t \bar{t} +
                        X$}",
      journal        = "Phys.Rev.Lett.",
      volume         = "109",
      pages          = "132001",
      doi            = "10.1103/PhysRevLett.109.132001",
      year           = "2012",
      eprint         = "1204.5201",
      archivePrefix  = "arXiv",
      primaryClass   = "hep-ph",
      reportNumber   = "CERN-PH-TH-2012-092",
      SLACcitation   = "%%CITATION = ARXIV:1204.5201;%%",
}

@article{ttxs4,
      author         = "Czakon, Michal and Mitov, Alexander",
      title          = "{NNLO corrections to top-pair production at hadron
                        colliders: the all-fermionic scattering channels}",
      journal        = "JHEP",
      volume         = "1212",
      pages          = "054",
      doi            = "10.1007/JHEP12(2012)054",
      year           = "2012",
      eprint         = "1207.0236",
      archivePrefix  = "arXiv",
      primaryClass   = "hep-ph",
      reportNumber   = "CERN-PH-TH-2012-181",
      SLACcitation   = "%%CITATION = ARXIV:1207.0236;%%",
}

@article{ttxs5,
      author         = "Czakon, Michal and Mitov, Alexander",
      title          = "{NNLO corrections to top pair production at hadron
                        colliders: the quark-gluon reaction}",
      journal        = "JHEP",
      volume         = "1301",
      pages          = "080",
      doi            = "10.1007/JHEP01(2013)080",
      year           = "2013",
      eprint         = "1210.6832",
      archivePrefix  = "arXiv",
      primaryClass   = "hep-ph",
      reportNumber   = "CERN-PH-TH-2012-286",
      SLACcitation   = "%%CITATION = ARXIV:1210.6832;%%",
}

@article{ttxs6,
      author         = "Czakon, Michał and Fiedler, Paul and Mitov, Alexander",
      title          = "{Total Top-Quark Pair-Production Cross Section at Hadron
                        Colliders Through $O(α\frac{4}{S})$}",
      journal        = "Phys.Rev.Lett.",
      number         = "25",
      volume         = "110",
      pages          = "252004",
      doi            = "10.1103/PhysRevLett.110.252004",
      year           = "2013",
      eprint         = "1303.6254",
      archivePrefix  = "arXiv",
      primaryClass   = "hep-ph",
      reportNumber   = "CERN-PH-TH-2013-056, TTK-13-08",
      SLACcitation   = "%%CITATION = ARXIV:1303.6254;%%",
}

@article{ttxs7,
      author         = "Czakon, Michal and Mitov, Alexander",
      title          = "{Top++: A Program for the Calculation of the Top-Pair
                        Cross-Section at Hadron Colliders}",
      year           = "2011",
      eprint         = "1112.5675",
      archivePrefix  = "arXiv",
      primaryClass   = "hep-ph",
      SLACcitation   = "%%CITATION = ARXIV:1112.5675;%%",
}

@techreport{ATLAS-CONF-2012-134,
      title         = "{Combination of ATLAS and CMS top-quark pair cross section
                       measurements using up to 1.1 fb-1 of data at 7 TeV}",
      institution   = "CERN",
      collaboration = "ATLAS Collaboration",
      address       = "Geneva",
      number        = "ATLAS-CONF-2012-134",
      month         = "Sep",
      year          = "2012",
}

@techreport{CMS-PAS-TOP-12-003,
      title         = "{Combination of ATLAS and CMS top-quark pair cross section
                       measurements using proton-proton collisions at sqrt(s) = 7
                       TeV}",
      institution   = "CERN",
      collaboration = "CMS Collaboration",
      address       = "Geneva",
      number        = "CMS-PAS-TOP-12-003",
      year          = "2013",
}


@article{Aad:2014kva,
      author         = "Aad, Georges and others",
      title          = "{Measurement of the $t\bar{t}$ production cross-section
                        using $e\mu$ events with $b$-tagged jets in $pp$
                        collisions at $\sqrt{s}=7$ and 8 TeV with the ATLAS
                        detector}",
      collaboration  = "ATLAS Collaboration",
      year           = "2014",
      eprint         = "1406.5375",
      archivePrefix  = "arXiv",
      primaryClass   = "hep-ex",
      reportNumber   = "CERN-PH-EP-2014-124",
      SLACcitation   = "%%CITATION = ARXIV:1406.5375;%%",
}

@article{Chatrchyan:2013faa,
      author         = "Chatrchyan, Serguei and others",
      title          = "{Measurement of the $t \bar{t}$ production cross section
                        in the dilepton channel in pp collisions at $\sqrt{s}$ = 8
                        TeV}",
      collaboration  = "CMS Collaboration",
      journal        = "JHEP",
      volume         = "1402",
      pages          = "024",
      doi            = "10.1007/JHEP02(2014)024",
      year           = "2014",
      eprint         = "1312.7582",
      archivePrefix  = "arXiv",
      primaryClass   = "hep-ex",
      reportNumber   = "CMS-TOP-12-007, CERN-PH-EP-2013-234",
      SLACcitation   = "%%CITATION = ARXIV:1312.7582;%%",
}

@article{topmass,
      key            = "1286320",
      title          = "{First combination of Tevatron and LHC measurements of
                        the top-quark mass}",
      collaboration  = "ATLAS Collaboration, CDF Collaboration, CMS
                        Collaboration, D0 Collaboration",
      year           = "2014",
      eprint         = "1403.4427",
      archivePrefix  = "arXiv",
      primaryClass   = "hep-ex",
      reportNumber   = "ATLAS-CONF-2014-008, CDF-NOTE-11071, CMS-PAS-TOP-13-014,
                        D0-NOTE-6416",
      SLACcitation   = "%%CITATION = ARXIV:1403.4427;%%",
}

@article{Aad:2013uza,
      author         = "Aad, Georges and others",
      title          = "{Measurement of the top quark charge in $pp$ collisions
                        at $\sqrt{s} =$ 7 TeV with the ATLAS detector}",
      collaboration  = "ATLAS",
      journal        = "JHEP",
      volume         = "1311",
      pages          = "031",
      doi            = "10.1007/JHEP11(2013)031",
      year           = "2013",
      eprint         = "1307.4568",
      archivePrefix  = "arXiv",
      primaryClass   = "hep-ex",
      reportNumber   = "CERN-PH-EP-2013-056",
      SLACcitation   = "%%CITATION = ARXIV:1307.4568;%%",
}

@article{Abazov:2006vd,
      author         = "Abazov, V.M. and others",
      title          = "{Experimental discrimination between charge 2e/3 top
                        quark and charge 4e/3 exotic quark production scenarios}",
      collaboration  = "D0 Collaboration",
      journal        = "Phys.Rev.Lett.",
      volume         = "98",
      pages          = "041801",
      doi            = "10.1103/PhysRevLett.98.041801",
      year           = "2007",
      eprint         = "hep-ex/0608044",
      archivePrefix  = "arXiv",
      primaryClass   = "hep-ex",
      reportNumber   = "FERMILAB-PUB-06-278-E",
      SLACcitation   = "%%CITATION = HEP-EX/0608044;%%",
}


@article{Aaltonen:2010js,
      author         = "Aaltonen, T. and others",
      title          = "{Exclusion of an Exotic Top Quark with -4/3 Electric
                        Charge Using Soft Lepton Tagging}",
      collaboration  = "CDF Collaboration",
      journal        = "Phys.Rev.Lett.",
      volume         = "105",
      pages          = "101801",
      doi            = "10.1103/PhysRevLett.105.101801",
      year           = "2010",
      eprint         = "1006.4597",
      archivePrefix  = "arXiv",
      primaryClass   = "hep-ex",
      reportNumber   = "FERMILAB-PUB-10-207-E",
      SLACcitation   = "%%CITATION = ARXIV:1006.4597;%%",
}

@article{Aaltonen:2012it,
      author         = "Aaltonen, T. and others",
      title          = "{Measurement of the top quark forward-backward production
                        asymmetry and its dependence on event kinematic
                        properties}",
      collaboration  = "CDF Collaboration",
      journal        = "Phys.Rev.",
      volume         = "D87",
      pages          = "092002",
      doi            = "10.1103/PhysRevD.87.092002",
      year           = "2013",
      eprint         = "1211.1003",
      archivePrefix  = "arXiv",
      primaryClass   = "hep-ex",
      reportNumber   = "FERMILAB-PUB-12-591-E",
      SLACcitation   = "%%CITATION = ARXIV:1211.1003;%%",
}


@article{Abazov:2014cca,
      author         = "Abazov, Victor Mukhamedovich and others",
      title          = "{Measurement of the forward-backward asymmetry in top
                        quark-antiquark production in ppbar collisions using the
                        lepton+jets channel}",
      collaboration  = "D0 Collaboration",
      year           = "2014",
      eprint         = "1405.0421",
      archivePrefix  = "arXiv",
      primaryClass   = "hep-ex",
      reportNumber   = "FERMILAB-PUB-14-116-E",
      SLACcitation   = "%%CITATION = ARXIV:1405.0421;%%",
}

@article{Kuhn:1998kw,
      author         = "Kuhn, Johann H. and Rodrigo, German",
      title          = "{Charge asymmetry of heavy quarks at hadron colliders}",
      journal        = "Phys.Rev.",
      volume         = "D59",
      pages          = "054017",
      doi            = "10.1103/PhysRevD.59.054017",
      year           = "1999",
      eprint         = "hep-ph/9807420",
      archivePrefix  = "arXiv",
      primaryClass   = "hep-ph",
      reportNumber   = "TTP-98-15",
      SLACcitation   = "%%CITATION = HEP-PH/9807420;%%",
}

@article{Kuhn:2011ri,
      author         = "Kuhn, Johann H. and Rodrigo, German",
      title          = "{Charge asymmetries of top quarks at hadron colliders
                        revisited}",
      journal        = "JHEP",
      volume         = "1201",
      pages          = "063",
      doi            = "10.1007/JHEP01(2012)063",
      year           = "2012",
      eprint         = "1109.6830",
      archivePrefix  = "arXiv",
      primaryClass   = "hep-ph",
      reportNumber   = "LPN11-52, TTP11-26, IFIC-11-45",
      SLACcitation   = "%%CITATION = ARXIV:1109.6830;%%",
}

@article{Bernreuther:2012sx,
      author         = "Bernreuther, Werner and Si, Zong-Guo",
      title          = "{Top quark and leptonic charge asymmetries for the
                        Tevatron and LHC}",
      journal        = "Phys.Rev.",
      volume         = "D86",
      pages          = "034026",
      doi            = "10.1103/PhysRevD.86.034026",
      year           = "2012",
      eprint         = "1205.6580",
      archivePrefix  = "arXiv",
      primaryClass   = "hep-ph",
      reportNumber   = "TTK-12-19",
      SLACcitation   = "%%CITATION = ARXIV:1205.6580;%%",
}