@article{fbu,
      author         = "Choudalakis, Georgios",
      title          = "{Fully Bayesian Unfolding}",
      year           = "2012",
      eprint         = "1201.4612",
      archivePrefix  = "arXiv",
      primaryClass   = "physics.data-an",
      SLACcitation   = "%%CITATION = ARXIV:1201.4612;%%",
}